@book{SilvioAbrantes,
   title =     {Processamento Adaptativo de Sinais},
   author =    {Silvio abrantes},
   publisher = {Fundação Calouste Gulbekian},
   isbn =      {972-31-0896-8},
   year =      {2000},
   series =    {},
   edition =   {},
   volume =    {}}
   
 @book{MouradBarkat,
   title =     {Signal Detection And Estimation (Artech House Radar Library)},
   author =    {Mourad Barkat},
   publisher = {Artech House Publishers},
   isbn =      {1580530702,9781580530705},
   year =      {2005},
   series =    {},
   edition =   {2nd},
   volume =    {}}