@book{mengali2013synchronization,
  title={Synchronization techniques for digital receivers},
  author={Mengali, Umberto},
  year={2013},
  publisher={Springer Science \& Business Media}
}

@misc{abrantes2010recuperaccao,
  title={Recupera{\c{c}}{\~a}o digital da temporiza{\c{c}}{\~a}o com amostragem ass{\'\i}ncrona--Parte 1: transmiss{\~a}o em banda-base},
  author={Abrantes, S{\'\i}lvio A},
  year={2010},
  publisher={Apostila: Departamento de Engenharia Electrot{\'e}cnica e de Computadores~â€¦}
}