@book{SimonHaykin,
   title =     {Adaptive Filter Theory},
   author =    {Simon Haykin},
   publisher = {Pearson},
   isbn =      {978-0-132-67145-3},
   year =      {2014},
   series =    {},
   edition =   {5nd},
   volume =    {}}
   
@book{MouradBarkat,
   title =     {Signal Detection And Estimation (Artech House Radar Library)},
   author =    {Mourad Barkat},
   publisher = {Artech House Publishers},
   isbn =      {1580530702,9781580530705},
   year =      {2005},
   series =    {},
   edition =   {2nd},
   volume =    {}}
   
   
@book{Proakis,
   title =     {Digital communications},
   author =    {John G Proakis; Masoud Salehi},
   publisher = {McGraw-Hill },
   isbn =      {9780072957167,0072957166,9780071263788,0071263780},
   year =      {2008},
   series =    {McGraw-Hill higher education},
   edition =   {5th ed},
   volume =    {}}
   
@book{SilvioAbrantes,
   title =     {Processamento Adaptativo de Sinais},
   author =    {Silvio abrantes},
   publisher = {Fundação Calouste Gulbekian},
   isbn =      {972-31-0896-8},
   year =      {2000},
   series =    {},
   edition =   {},
   volume =    {}}
   
@book{LeonGarcia,
   title =     {Probability, Statistics, and Random Processes For Electrical Engineering, 3rd Edition  },
   author =    {Alberto Leon-Garcia},
   publisher = {Prentice Hall},
   isbn =      {0131471228,9780131471221},
   year =      {2008},
   series =    {},
   edition =   {The 3rd Edition},
   volume =    {}
}