@article{barnes2006matrix,
  title={Matrix differentiation},
  author={Barnes, Randal J},
  journal={Springs Journal},
  pages={1--9},
  year={2006},
  publisher={Univ. Minnesota}
}

@article{petersen2008matrix,
  title={The matrix cookbook},
  author={Petersen, Kaare Brandt and Pedersen, Michael Syskind and others},
  journal={Technical University of Denmark},
  volume={7},
  number={15},
  pages={510},
  year={2008}
}

@book{dhrymes1978mathematics,
  title={Mathematics for econometrics},
  author={Dhrymes, Phoebus J and Dhrymes, Phoebus J},
  volume={984},
  year={1978},
  publisher={Springer}
}

@misc{Singh,
  author        = {Aarti Singh},
  title         = {Lecture notes in Introduction to Machine Learning},
  year          = {2013-2016},
  publisher={Carnegie Mellon University},
  url          = {https://www.cs.cmu.edu/~aarti/Class/10315_Spring22/315S22_Rec4.pdf},
}

@misc{Matrixca44:online,
author = {},
title = {Matrix calculus - Wikipedia},
url          = {https://en.wikipedia.org/wiki/Matrix_calculus#Numerator-layout_notation},
month = {},
year = {},
note = {(Accessed on 09/22/2022)}
}